% !TeX encoding = UTF-8
% !TeX spellcheck = BibTeX

% Author : Shlw

@manual{coqmanual,
  title={The Coq Proof Assistant Reference Manual},
  organization={The Coq Development Team},
  edition={8.7.2},
  month={February},
  year={2018}
}

@Comment{jabref-meta: databaseType:bibtex;}
