% !TeX encoding = UTF-8
% !TeX spellcheck = BibTeX

% Author : Shlw

@misc{ittcoic,
  title={Introduction to the calculus of inductive constructions},
  author={Paulin-Mohring, Christine},
  year={2015},
  publisher={College Publications}
}

@misc{cpwdt,
  title={Certified programming with dependent types},
  author={Chlipala, Adam},
  year={2011},
  publisher={MIT Press New York}
}

@book{ttfp,
  title={Type Theory and Formal Proof: An Introduction},
  author={Rob P.. Nederpelt and Geuvers, Herman},
  year={2014},
  publisher={Cambridge University Press}
}

@manual{coqmanual,
  title={The Coq Proof Assistant Reference Manual},
  organization={The Coq Development Team},
  edition={8.7.2},
  month={February},
  year={2018}
}

@Comment{jabref-meta: databaseType:bibtex;}
